@inbook{kuznecov-db,
	author="Кузнецов С. Д.",
	title="Основы современных баз данных",
	publisher="--- Центр Информационных Технологий",
	language="russian",
	year=1998,
}

@inbook{postsql-db,
	author="Парфенов Ю. П.",
	title="Постреляционные хранилища данных: учебное пособие.",
	publisher="--- Центр Информационных Технологий",
	language="russian",
	year=2016,
}


@inbook{intro-db-williams,
	author="Дейт К. Дж.",
	title="Введение в системы баз данных: 8-е издание",
	publisher="--- <<Вильямс>>",
	language="russian",
	year=2006,
	pages="1328"
}

@misc{linux,
	title="Linux - Operating System [Электронный ресурс]",
	howpublished="Режим доступа: \url{https://www.linux.org/} (дата обращения: 12.02.2024)"
}

@misc{linux-security-api,
	title="Linux Security Module Usage [Электронный ресурс]",
	howpublished="Режим доступа: \url{https://www.kernel.org/doc/html/v4.16/admin-guide/LSM/index.html} (дата обращения: 12.02.2024)"
}

@misc{callback,
	title="Колбэк-функция -- Глоссарий -- MDN Web Docs [Электронный ресурс]",
	howpublished="Режим доступа: \url{https://developer.mozilla.org/ru/docs/Glossary/Callback_function} (дата обращения: 12.02.2024)"
}

@misc{kernel-tracepoints,
	title="Using the Linux Kernel Tracepoints [Электронный ресурс]",
	howpublished="Режим доступа: \url{https://www.kernel.org/doc/html/latest/trace/tracepoints.html} (дата обращения: 12.02.2024)"
}

@misc{habr-profiling-linux,
	title="Механизмы профилирования Linux -- Habr [Электронный ресурс]",
	howpublished="Режим доступа: \url{https://habr.com/ru/company/metrotek/blog/261003/} (дата обращения: 12.02.2024)"
}

@misc{ftrace,
	title="Using ftrace | Android Open Source Project [Электронный ресурс]",
	howpublished="Режим доступа: \url{https://source.android.com/devices/tech/debug/ftrace} (дата обращения: 12.02.2024)"
}

@misc{ftrace-habr,
	title="Трассировка ядра с ftrace -- Habr [Электронный ресурс]",
	howpublished="Режим доступа: \url{https://habr.com/ru/company/selectel/blog/280322/} (дата обращения: 12.02.2024)"
}

@misc{nop,
	title="NOP: No Operation (x86 Instruction Set Reference) [Электронный ресурс]",
	howpublished="Режим доступа: \url{https://c9x.me/x86/html/file_module_x86_id_217.html} (дата обращения: 12.02.2024)"
}

@misc{kprobes,
	title="Kernel Probes (Kprobes) [Электронный ресурс]",
	howpublished="Режим доступа: \url{https://www.kernel.org/doc/html/latest/trace/kprobes.html} (дата обращения: 12.02.2024)"
}

@misc{ubuntu,
	title="Enterprise Open Source and Linux | Ubuntu [Электронный ресурс]",
	howpublished="Режим доступа: \url{https://ubuntu.com/} (дата обращения: 12.02.2024)"
}

@misc{intel,
	title="Процессор Intel® Core™ i5 [Электронный ресурс]",
	howpublished="Режим доступа: \url{https://www.intel.com/processors/core/i5/docs} (дата обращения: 12.02.2024)"
}

@misc{c,
	title="C language documentation [Электронный ресурс]",
	howpublished="Режим доступа: \url{https://learn.microsoft.com/en-us/cpp/c-language/?view=msvc-170} (дата обращения: 12.02.2024)"
}

@misc{vscode,
	title="Visual Studio Code [Электронный ресурс]",
	howpublished="Режим доступа: \url{https://code.visualstudio.com/} (дата обращения: 15.01.2024)"
}

@misc{statistics:using-desktop,
	title="Desktop Operating System Market Share Worldwide [Электронный ресурс].",
	howpublished="--- Режим доступа: 
	\url{https://gs.statcounter.com/os-market-share/desktop/worldwide/#monthly-201412-202401} (дата обращения: 12.02.2024)."
}

@misc{statistics:using-mobile,
	title="Mobile Operating System Market Share Worldwide [Электронный ресурс].",
	howpublished="--- Режим доступа: 
	\url{https://gs.statcounter.com/os-market-share/mobile/worldwide/#monthly-201412-202401} (дата обращения: 12.02.2024)."
}

@misc{structs:task,
	title="Linux source code: struct task\_struct [Электронный ресурс].",
	howpublished="--- Режим доступа: 
	\url{https://elixir.bootlin.com/linux/v5.19.17/source/include/linux/sched.h#L726} (дата обращения: 12.02.2024)."
}
